<record><leader>00000cas a2200000 a 4500</leader><controlfield tag="001">14108693</controlfield><controlfield tag="008">860819d18uu1uuutxucr ne      0    0eng c</controlfield><datafield ind1=" " ind2=" " tag="010"><subfield code="a">sn 86088530 </subfield></datafield><datafield ind1=" " ind2=" " tag="040"><subfield code="a">PPM</subfield><subfield code="b">eng</subfield><subfield code="c">PPM</subfield><subfield code="d">NVF</subfield><subfield code="d">OCL</subfield><subfield code="d">DLC</subfield><subfield code="d">OCLCQ</subfield><subfield code="d">OCLCF</subfield><subfield code="d">OCLCO</subfield></datafield><datafield ind1=" " ind2=" " tag="042"><subfield code="a">pcc</subfield></datafield><datafield ind1=" " ind2=" " tag="043"><subfield code="a">n-us-tx</subfield></datafield><datafield ind1="0" ind2="0" tag="245"><subfield code="a">Fort Worth semi-weekly gazette.</subfield></datafield><datafield ind1="3" ind2="0" tag="246"><subfield code="a">Fort Worth semiweekly gazette</subfield></datafield><datafield ind1=" " ind2=" " tag="260"><subfield code="a">Fort Worth, Tex. :</subfield><subfield code="b">[s.n.]</subfield></datafield><datafield ind1=" " ind2=" " tag="300"><subfield code="a">v.</subfield></datafield><datafield ind1=" " ind2=" " tag="310"><subfield code="a">Semiweekly</subfield></datafield><datafield ind1=" " ind2=" " tag="500"><subfield code="a">Description base on: Vol. 17, no. 21 (Sept. 11, 1894).</subfield></datafield><datafield ind1=" " ind2="0" tag="651"><subfield code="a">Fort Worth (Tex.)</subfield><subfield code="v">Newspapers.</subfield></datafield><datafield ind1=" " ind2="7" tag="655"><subfield code="a">Newspapers.</subfield><subfield code="2">fast</subfield><subfield code="0">(OCoLC)fst01423814</subfield></datafield><datafield ind1=" " ind2="7" tag="651"><subfield code="a">Texas</subfield><subfield code="z">Fort Worth.</subfield><subfield code="2">fast</subfield><subfield code="0">(OCoLC)fst01204692</subfield></datafield><datafield ind1=" " ind2=" " tag="752"><subfield code="a">United States</subfield><subfield code="b">Texas</subfield><subfield code="c">Tarrant</subfield><subfield code="d">Fort Worth.</subfield></datafield><datafield ind1="0" ind2=" " tag="775"><subfield code="t">Fort Worth gazette (Fort Worth, Tex. : Daily)</subfield><subfield code="x">2151-5239</subfield><subfield code="w">(DLC)sn 86071158</subfield><subfield code="w">(OCoLC)13196952</subfield></datafield><datafield ind1="0" ind2=" " tag="775"><subfield code="t">Fort Worth gazette (Fort Worth, Tex. : Weekly)</subfield><subfield code="w">(DLC)sn 86090803</subfield></datafield></record>